@string(ICCV="Proc. Int. Conf. on Comp. Vis.")
@string(IJCV="Int. J. Comp. Vis.")
@string(PAMI="IEEE Trans. Pat. Ana. \& Mach. Int.")
@string(TVCG="IEEE Trans. Vis. \& Comp. Graphics")
@string(CVPR="Proc. IEEE Conf. on Comp. Vis. and Pat. Rec.")
@string(SMI="Proc. IEEE Int. Conf. on Shape Modeling and Applications")
@string(CRV="Proc. Canadian Conf. on Computer and Robot Vision")
@string(ICASSP="Proc. Int. Conf. on Acoustics, Speech and Signal Processing")
@string(ICPR="Proc. Int. Conf. on Pat. Rec.")
@string(SGP="Symp. on Geom. Proc.")
@string(FGR="Proc. IEEE Conf. Automatic Face and Gesture Recognition")
@string(ECCV="Proc. Euro. Conf. on Comp. Vis.")
@string(SIGGRAPH="SIGGRAPH")
@string(TOG="ACM Trans. on Graph")
@string(CGF_EG="Computer Graphics Forum (Special Issue of Eurographics)")
@string(CGF_SGP="Computer Graphics Forum (Special Issue of SGP)")

@ARTICLE{ling2007,
    author = {Haibin Ling and David W. Jacobs},
    title = {Shape classification using the inner-distance},
    journal = PAMI,
    year = {2007},
    volume = {29},
    pages = {286--299}
}

@inproceedings{zelnik2004,
   author = {L. Zelnik-Manor and P. Perona},
   title = {Self-Tuning Spectral Clustering},
   booktitle = {Advances in Neural Information Processing Systems (NIPS)},
   year = {2004},
   volume = {17},
   pages = {1601--1608}
}

%% EMD
@inproceedings{pele2009,
 author = {Pele, O. and Werman, M.},
 title = {Fast and robust Earth Mover's Distances},
 booktitle = ICCV,
 year = {2009},
 pages = {460--467}
}

@article{wang2011,
  author = {Yanzhen Wang and Kai Xu and Jun Li and Hao Zhang and Ariel Shamir and Ligang Liu and Zhiquan Cheng and Yueshan Xiong},
  title = {Symmetry Hierarchy of Man-Made Objects},
  journal = CGF_EG,
  volume = 30,
  number = 2,
  pages = {287--296},
  year = 2011
}

@article{attene2006,
 author = {Attene, Marco and Falcidieno, Bianca and Spagnuolo, Michela},
 title = {Hierarchical mesh segmentation based on fitting primitives},
 journal = TVC,
 volume = {22},
 number = {3},
 year = {2006},
 pages = {181--193},
}

@article{golov2008,
 author = {Golovinskiy, Aleksey and Funkhouser, Thomas},
 title = {Randomized cuts for 3D mesh analysis},
 journal = TOG,
 volume = {27},
 number = {5},
 year = {2008},
 pages = {1--12},
}

@article {bermanis2010,
   author = {Bermanis, Amit and Averbuch, Amir and Keller, Yosi},
   affiliation = {School of Mathematical Sciences, Tel Aviv University, Tel-Aviv, 69978 Israel},
   title = {{3D} Symmetry Detection and Analysis Using the Pseudo-polar Fourier Transform},
   journal = {International Journal of Computer Vision},
   pages = {166--182},
   volume = {90},
   issue = {2},
   year = {2010}
}

@ARTICLE{berner2011,
  author  = {Alexander Berner and Michael Wand and Niloy J. Mitra
	     and Daniel Mewes and Hans-Peter Seidel },
  title   = { Shape Analysis with Subspace Symmetries },
  journal = { Computer Graphics Forum },
  year    = { 2011 },
  number  = { 2 },
  volume  = { 30 },
  note    = { Proceedings Eurographics 2011 }
}

@inproceedings{bokeloh2010,
 author = {Bokeloh, Martin and Wand, Michael and Seidel, Hans-Peter},
 title = {A connection between partial symmetry and inverse procedural modeling},
 booktitle = {ACM SIGGRAPH 2010 papers},
 series = {SIGGRAPH '10},
 year = {2010},
 pages = {104:1--104:10},
}

@article{bronstein2011,
 author = {Bronstein, Alexander M. and Bronstein, Michael M. and Guibas, Leonidas J. and Ovsjanikov, Maks},
 title = {Shape {G}oogle: Geometric words and expressions for invariant shape retrieval},
 journal = {ACM Trans. Graph.},
 volume = {30},
 issue = {1},
 year = {2011},
 pages = {1:1--1:20},
}

@article{ben-chen2010,
 AUTHOR = "M. Ben-Chen and Adrian Butscher and Justin Solomon and Leonidas Guibas",
 TITLE = "On Discrete Killing Vector Fields and Patterns on Surfaces",
 journal = CGF_SGP,
 YEAR = "2010",
 volume = 29,
 number = 5,
 PAGES = "1701--1711",
}

@article{chertok2010,
author = {Michael Chertok and Yosi Keller},
title = {Spectral Symmetry Analysis},
journal ={IEEE Transactions on Pattern Analysis and Machine Intelligence},
volume = {32},
issn = {0162-8828},
year = {2010},
pages = {1227-1238},
doi = {http://doi.ieeecomputersociety.org/10.1109/TPAMI.2009.121},
publisher = {IEEE Computer Society},
address = {Los Alamitos, CA, USA},
}

@InProceedings{hooda2011,
  author       = "Hooda, Amit and Bronstein, Michael and Bronstein, Alex and Horaud, Radu P.",
  title        = "Shape Palindromes: Analysis of Intrinsic Symmetries in 2D Articulated Shapes",
  booktitle    = "Proc. of the Third International Conference on Scale Space and Variational Methods in Computer Vision",
  year         = "2011",
  publisher    = "Springer",
}

@article{kim2010,
  Author = {Kim, Vladimir G. and Lipman, Yaron and Chen, Xiaobai and Funkhouser, Tom},
  Journal = {Computer Graphics Forum (Proc. of Symposium on Geometry Processing)},
  Title = {Mobius Transformations For Global Intrinsic Symmetry Analysis},
  Year = {2010},
  volume = 29,
  number = 5,
  pages = {1689--1700}
}

@article{kim2011,
	Author = {Kim, Vladimir G. and Lipman, Yaron and Funkhouser, Tom},
	Journal = {Transactions on Graphics (Proc. of SIGGRAPH 2011)},
	Title = {Blended Intrinsic Maps},
	Year = {2011}
}

@inproceedings{lasowski2009,
  author = {Lasowski, Ruxandra and Tevs, Art and Seidel, Hans-Peter and Wand, Michael},
  title = {A Probabilistic Framework for Partial Intrinsic Symmetries in Geometric Data},
  booktitle = {IEEE International Conference on Computer Vision (ICCV'09)},
  publisher = {IEEE Computer Society},
  year = {2009},
  pages = {toappear},
  address = {Koyoto, Japan},
}

@article{lipman2010,
  author = "Yaron Lipman and Xiaobai Chen and Ingrid Daubechies and Thomas
    Funkhouser",
  title = "Symmetry Factored Embedding and Distance",
  journal = "ACM Transactions on Graphics (SIGGRAPH 2010)",
  year = "2010",
  month = jul
}

@article{ovsjanikov2008,
 AUTHOR = "Maks Ovsjanikov and Jian Sun and Leonidas Guibas",
 TITLE = "Global Intrinsic Symmetries of Shapes",
 journal = "Computer Graphics Forum (Proc. of Symposium on Geometry Processing)",
 volume = 27,
 number = 5,
 pages = {1341--1348},
 YEAR = "2008",
}

@INPROCEEDINGS{ovsjanikov2010,
 AUTHOR = "M. Ovsjanikov and Q. M\'{e}rigot and F. M\'{e}moli and L. Guibas",
 TITLE = "One Point Isometric Matching with the Heat Kernel",
 BOOKTITLE = "Eurographics Symposium on Geometry Processing (SGP)",
 YEAR = "2010",
 PAGES = "to appear",
}

@inproceedings{mitra2010,
 author = {Mitra, Niloy J. and Bronstein, Alex and Bronstein, Michael},
 title = {Intrinsic regularity detection in 3D geometry},
 booktitle = {Proceedings of the 11th European conference on computer vision conference on Computer vision: Part III},
 year = {2010},
 pages = {398--410},
}

@article{peyre2010,
 author = {Peyr\'{e}, Gabriel and P\'{e}chaud, Mickael and Keriven, Renaud and Cohen, Laurent D.},
 title = {Geodesic Methods in Computer Vision and Graphics},
 journal = {Found. Trends. Comput. Graph. Vis.},
 volume = {5},
 year = {2010},
 pages = {197--397},
}

@article{raviv2010,
 author = {Raviv, Dan and Bronstein, Alexander M. and Bronstein, Michael M. and Kimmel, Ron},
 title = {Full and Partial Symmetries of Non-rigid Shapes},
 journal = IJCV,
 volume = {89},
 issue = {1},
 year = {2010},
 pages = {18--39},
}

@article{xu2009,
  title = {Partial Intrinsic Reflectional Symmetry of {3D} Shapes},
  author = {Kai Xu and Hao Zhang and Andrea Tagliasacchi and Ligang Liu and Guo Li and Min Meng and Yueshan Xiong},
  journal = TOG,
  volume = {28},
  number = {5},
  year = {2009}
}

@INPROCEEDINGS{loy2006,
  author = {Gareth Loy and Jan-Olof Eklundh},
  title = {Detecting symmetry and symmetric constellations of features},
  booktitle = ECCV,
  year = {2006},
  pages = {508--521}
}

@article{surazhsky2005,
  author = {Vitaly Surazhsky and Tatiana Surazhsky and Danil Kirsanov and Steven J. Gortler and Hugues Hoppe},
  title = {Fast exact and approximate geodesics on meshes},
  journal = TOG,
  volume = {24},
  number = {3},
  year = {2005},
  pages = {553--560},
}

@article{golovinskiy2007,
  author = "Aleksey Golovinskiy and Joshua Podolak and Thomas Funkhouser",
  title = "Symmetry-Aware Mesh Processing",
  journal = "Princeton University",
  year = "2007",
  volume = "TR-782-07"
}

@article{ester1996,
  author = {Martin Ester and Hans-Peter Kriegel and J\"{o}rg Sander and Xiaowei Xu},
  year = 1996,
  title = "A density-based algorithm for discovering clusters in large spatial databases with noise",
  journal = {Proc. of Int. Conf. on Knowledge Discovery and Data Mining},
  pages = {226-231},
}


@article{yu2004,
 author = {Y. Yu and K. Zhou and D. Xu and X. Shi and H. Bao and B. Guo and H.-Y. Shum},
 title = {Mesh Editing with Poisson-Based Gradient Field Manipulation},
 journal = TOG,
 volume = {23},
 number = {3},
 year = {2004},
 pages = {644-651},
}


@article{shapira2008,
  author = {Lior Shapira and Ariel Shamir and Daniel Cohen-Or},
  title = {Consistent mesh partitioning and skeletonization using the shape diameter function},
  journal = {The Visual Computer},
  volume = {24},
  number = {4},
  year = {2008},
  pages = {249--259},
}

@article{nash1956,
  author = {John Nash},
  year = {1956},
  title = {The embedding problem for {Riemannian} manifolds},
  journal = {Annals of Mathematics},
  volume = 63,
  pages = {20--63}
}

@article{bokeloh2009,
 author = {M. Bokeloh and A. Berner and M. Wand and H.-P. Seidel and A. Schilling},
 title = {Symmetry Detection Using Line Features},
 journal = CGF_EG,
 year = {2009},
 volume = {28},
 number = {2},
 pages = {697--706},
}

@article{yeh2009,
 author = {Y.-T. Yeh and R. Mech},
 title = {Detecting Symmetries and Curvilinear Arrangements in Vector Art},
 journal = CGF_EG,
 year = {2009},
 volume = {28},
 number = {2},
 pages = {707--716},
}

@article{atallah1985,
 author = {Atallah, M. J.},
 title = {On Symmetry Detection},
 journal = {IEEE Trans. Comput.},
 volume = {34},
 number = {7},
 year = {1985},
 pages = {663--666},
}

@article{bronstein2006,
 author = {Alexander M. Bronstein and Michael M. Bronstein and Ron Kimmel},
 title = {Generalized multidimensional scaling: A framework for isometry-invariant partial surface matching},
 journal = {Proc. National Academy of Sciences (PNAS)},
 volume = {103},
 number = {5},
 year = {2006},
 pages = {1168--1172},
}

@inproceedings{chang2008,
 author = {Will Chang and Matthias Zwicker},
 title = {Automatic Registration for Articulated Shapes},
 booktitle = {Computer Graphics Forum (Proc. Eurographics Symp. on Geometry Processing)},
 volume = {27},
 number = {5},
 year = {2008},
 pages = {1459--1468},
}

@article{chaouch2008,
 author = {Mohamed Chaouch and Anne Verroust-Blondet},
 title = {A Novel Method for Alignment of {3D} models},
 journal = SMI,
 year = {2008},
 pages = {187--195},
}

%% mesh segmentation
@article{funkhouser2004,
 author = {Thomas Funkhouser and Michael Kazhdan and Philip Shilane and Patrick Min
 and William Kiefer and Ayellet Tal and Szymon Rusinkiewicz and David Dobkin},
 title = {Modeling by Example},
 journal = TOG,
 volume = {23},
 number = {3},
 year = {2004},
 pages = {652--663},
}

@article{gal2006,
 author = {Ran Gal and Daniel Cohen-Or},
 title = {Salient geometric features for partial shape matching and similarity},
 journal = TOG,
 volume = {25},
 year = {2006},
 pages = {130--150},
 number = {1}
}

%% local shape descriptor
@article{gatzke2005,
 author = {Timothy Gatzke and Cindy Grimm and Michael Garland and Steve Zelinka},
 title = {Curvature maps for local shape comparison},
 journal = SMI,
 year = {2005},
 pages = {246--255}
}

@article{hoffman1984,
  author = {D. D. Hoffman and W. A. Richards},
  title = {Parts of recognition},
  journal = {Cognition},
  year = {1984},
  volume = {18},
  pages = {65--96},
}

@article{hoffman1997,
 author = {D. D. Hoffman and M. Singh},
 title = {Salience of visual parts},
 journal = {Cognition},
 volume={63},
 number={1},
 pages = {29--78},
 year = 1997
}

@article{katz2003,
 author = {Sagi Katz and Ayellet Tal},
 title = {Hierarchical Mesh Decomposition using Fuzzy Clustering and Cuts},
 journal = TOG,
 volume = {22},
 number = {3},
 year = {2003},
 pages = {954--961},
}

@article{katz2005,
 author = {Sagi Katz and George Leifman and Ayellet Tal},
 title = {Mesh segmentation using feature point and core extraction},
 journal = {The Visual Computer},
 year = {2005},
 volume = {21},
 number = {8-10},
 pages = {649--658},
}

@article{kazhdan2002,
 author = {Michael Kazhdan and Bernard Chazelle and David Dobkin and Adam Finkelstein and Thomas Funkhouser},
 title = {A Reflective Symmetry Descriptor},
 journal = ECCV,
 year = {2002},
 volume ={2},
 pages = {642--656},
}

@article{kazhdan2003A,
 author = {Michael Kazhdan and Bernard Chazelle and David Dobkin and Thomas Funkhouser and Szymon Rusinkiewicz},
 title = {A Reflective Symmetry Descriptor for {3D} Models},
 journal = {Algorithmica},
 volume={38},
 number={1},
 pages={201--225},
 year={2003},
}

@inproceedings{kazhdan2003B,
  author = {M. Kazhdan and T. Funkhouser and S. Rusinkiewicz},
  title = {Rotation invariant spherical harmonic representation of {3D} shape descriptors},
  booktitle = SGP,
  year = 2003
}

@article{kazhdan2004,
 author = {Michael Kazhdan and Thomas Funkhouser and Szymon Rusinkiewicz},
 title = {Symmetry Descriptors and {3D} Shape Matching},
 journal = SGP,
 year = {2004},
 pages = {115--123},
}

@book{kohler1929,
  author = {W. K\"{o}hler},
  title = {Gestalt Psychology},
  publisher = {Liveright, New York},
  year = 1929
}

@book{leyton1992,
  title = {Symmetry, Causality, Mind},
  author = {Michael Leyton},
  publisher = {MIT Press},
  year = 1992
}

@book{leyton2001,
  title = {A Generative Theory of Shape},
  series = {Lecture Notes in Computer Science, Vol. 2145},
  author = {Michael Leyton},
  publisher = {Springer},
  year = 2001
}

@article{liu2007,
  author = {Rong Liu and Hao Zhang},
  title = {Mesh Segmentation via Spectral Embedding and Contour Analysis},
  journal = CGF_EG,
  volume = 26,
  number = 3,
  pages = {385--394},
  year = 2007
}

@inproceedings{liu1998,
 author = {Tyng-Luh Liu and Davi Geiger},
 title = {Segmenting by Seeking the Symmetry Axis},
 booktitle = ICPR,
 year = {1998},
 pages = {994--998},
}

@article{lee2005,
 author = {Yunjin Lee and Seungyong Lee and Ariel Shamir and Daniel Cohen-Or and Hans-Peter Seide},
 title = {Mesh Scissoring with Minima Rule and Part Salience},
 journal = {Computer Aided Geometric Design},
 year = {2005},
 volume = {22},
 number = {5},
 pages = {444--465}
 }

@phdthesis{martinet2007,
  author       = "Martinet, Aur\'elien",
  title        = "Structuring {3D} Geometry based on Symmetry and Instancing Information",
  school       = "INP Grenoble",
  month        = "March",
  year         = "2007",
}

@article{martinet2006,
 author = {Aur\'{e}lien Martinet and Cyril Soler and Nicolas Holzschuch and Francois X. Sillion},
 title = {Accurate Detection of Symmetries in {3D} Shapes},
 journal = TOG,
 volume = {25},
 number = {2},
 year = {2006},
 pages = {439--464},
 }

@article{mitra2006,
 author = {Niloy J. Mitra and Leonidas J. Guibas and Mark Pauly},
 title = {Partial and approximate symmetry detection for {3D} geometry},
 journal = TOG,
 volume = {25},
 number = {3},
 year = {2006},
 pages = {560--568},
 }

@article{mitra2007,
 author = {Niloy J. Mitra and Leonidas J. Guibas and Mark Pauly},
 title = {Symmetrization},
 journal = TOG,
 volume = {26},
 number = {3},
 year = {2007},
 pages = {63:1--8},
}

@article{pauly2008,
 AUTHOR = "M. Pauly and N. J. Mitra and J. Wallner and H. Pottmann and L. Guibas",
 TITLE = "Discovering Structural Regularity in {3D} Geometry",
 JOURNAL = TOG,
 VOLUME = "27",
 NUMBER = "3",
 PAGES = "43:1-11",
 YEAR = "2008",
}

@article{podolak2006,
 author = {Joshua Podolak and Philip Shilane and Aleksey Golovinskiy and Szymon Rusinkiewicz and Thomas Funkhouser},
 title = {A planar-reflective symmetry transform for {3D} shapes},
 journal = TOG,
 year = {2006},
 volume = {25},
 number = {3},
 pages = {549--559}
 }

@article{podolak2007,
 author = {Joshua Podolak and Aleksey Golovinskiy and Szymon Rusinkiewicz},
 title = {Symmetry-enhanced remeshing of surfaces},
 journal = SGP,
 year = {2007},
 pages = {235--242},
}

@article{raviv2006,
  author = {T. Riklin-Raviv and N. Kiryati and N. Sochen},
  title = {Segmentation by Level Sets and Symmetry},
  journal = CVPR,
  pages = {1015--1022},
  volume = 1,
  year = 2006
}

#  pages = {1--17}, cannot find the paper number
@proceedings{raviv2007,
 author = {Dan Raviv and Alexander M. Bronstein and Michael M. Bronstein and Ron Kimmel},
 title = {Symmetries of non-rigid shapes},
 booktitle = ICCV,
 year = {2007},
}

@article{rustamov2007,
  author = {R. M. Rustamov},
  title = {Laplace-Beltrami eigenfuctions for deformation invariant shape representation},
  journal = SGP,
  pages = {225--233},
  year = 2007
}

@article{rustamov2008,
 author = {R. M. Rustamov},
 title = {Augmented planar reflective symmetry transform},
 journal = {The Visual Computer},
 year = {2008},
 volume = {24},
 number = {6},
 pages = {423--433}
}

@article{shamir2006,
 author = {Ariel Shamir},
 title = {Segmentation and Shape Extraction of {3D} Boundary Meshes},
 journal = {Eurographics STAR Report},
 year = {2006},
 pages = {137--149},
}

%% books
@book{siddiqi2008,
  title = {Medial Representations},
  series = {Computational Imaging and Vision , Vol. 37},
  author = {Kaleem Siddiqi and Stephen Pizer (Eds.)},
  publisher = {Springer},
  year = 2008
}

@article{simari2006,
 author = {Patricio Simari and Evangelos Kalogerakis and Karan Singh},
 title = {Folding meshes: hierarchical mesh segmentation based on planar symmetry},
 journal = SGP,
 year = {2006},
 pages = {111--119},
}

@book{stewart1992,
  author = {Ian Stewart and Martin Golubitsky},
  title = {Fearful Symmetry: Is God a Geometer?},
  year={1992},
  publisher={Blackwell Cambridge, MA}
}

%% shape completion
@article{thrun2005,
 author = {Sebastian Thrun and Ben Wegbreit},
 title = {Shape From Symmetry},
 journal = ICCV,
 year = {2005},
 pages = {1824--1831},
}


@book{weyl1983,
  author = {Hermann Weyl},
  title = {Symmetry},
  publisher = {Princeton University Press},
  year = 1983
}

@article{wolter1985,
 author = {Jan D. Wolter and Tony C. Woo and Richard A. Volz},
 title = {Optimal algorithms for symmetry detection in two and three dimensions},
 journal = {The Visual Computer},
 year = {1985},
 volume = {1},
 number = {1},
 pages = {37--48}
}

%% Image processing
@inproceedings{yang2003,
 author = {Allen Y. Yang and Shankar Rao and Kun Huang and Wei Hong and Yi Ma},
 title = {Geometric Segmentation of Perspective Images Based on Symmetry Groups},
 booktitle = ICCV,
 year = {2003},
 pages = {1251--1258},
}

%% symmetry descriptor
@article{zabrodsky1994,
 author = {Hagit Zabrodsky and Shmuel Peleg and David Avnir},
 title = {Continuous Symmetry for Shapes},
 journal = {2nd Intl. Workshop on Visual Form},
 volume = {1},
 number = {2},
 year = {1994},
 }

@inproceedings{zabrodsky1995,
 author = {Hagit Zabrodsky and Shmuel Peleg and David Avnir},
 title = {Symmetry as a Continuous Feature},
 booktitle = PAMI,
 year = {1995},
 pages = {1154--1156},
}

@article{zabrodsky1997,
 author = {Hagit Zabrodsky and Daphna Weinshall},
 title = {Using bilateral symmetry to improve {3D} reconstruction from image sequences},
 journal = {Computer Vision and Image Understanding},
 year = {1997},
 volume = {67},
 pages = {48--57}
}

%% partial matching
@inproceedings{zhang2008,
 author = {Hao Zhang and Alla Sheffer and Daniel Cohen-Or and Qingnan Zhou and Oliver van Kaick and Andrea Tagliasacchi},
 title = {Deformation-Drive Shape Correspondence},
 booktitle = {Computer Graphics Forum (Proc. of Symposium on Geometry Processing)},
 year = {2008},
 volume = {27},
 number = {5},
 pages = {1431--1439},
}


%% new conferences
@article{elad2001,
 author = {Asi Elad and Ron Kimmel},
 title = {Bending invariant representations for surfaces},
 journal = CVPR,
 year = {2001},
 pages = {168--174},
}

@article{bronstein2007,
 author = {A. M. Bronstein and M. M. Bronstein and R. Kimmel},
 title = {Calculus of non-rigid surfaces for geometry and texture manipulation},
 journal = TVCG,
 year = {2007},
 volume = {13},
 number = {5},
 pages = {902--913}
}

@article{bronstein2009,
 author = {Alexander M. Bronstein and Michael M. Bronstein and Alfred M. Bruckstein and Ron Kimmel},
 title = {Partial similarity of objects, or how to compare a centaur to a horse},
 journal = IJCV,
 year = {2009},
 volume = {84},
 number = {2},
 pages = {163--183}
}

@article{chen2009,
  author = "Xiaobai Chen and Aleksey Golovinskiy and Thomas Funkhouser",
  title = "A Benchmark for {3D} Mesh Segmentation",
  journal = TOG,
  year = "2009",
  volume = "28",
  number = "3",
  pages = {73:1--12}
}

@article{lai2009,
    author = "Y.-K. Lai and S.-M. Hu and R. R. Martin and P. L. Rosin",
    title = "Rapid and Effective Segmentation of 3D Models using Random Walks",
    journal = "Computer-Aided Geometric Design",
    volume = "26",
    number = "6",
    pages = "665--679",
    year = 2009
}

@article{bokeloh99,
    author = "M. Bokeloh and A. Berner and M. Wand and H.-P. Seidel and S. Schilling",
    title = "Symmetry Detection Using Feature Lines",
    journal = "Computer Graphics Forum",
    year = "2009",
    volume = 28,
    number = 2,
    pages = "697--706"
}

@article {Shamir2008,
author = {Shamir, Ariel},
title = {A survey on Mesh Segmentation Techniques},
journal = {Computer Graphics Forum},
volume = {27},
number = {6},
pages = {1539--1556},
year = {2008},
}

@article{Duchenne2011,
 author = {Duchenne, Olivier and Bach, Francis and Kweon, In-So and Ponce, Jean},
 title = {A Tensor-Based Algorithm for High-Order Graph Matching},
 journal = {IEEE Transactions on Pattern Analysis and Machine Intelligence},
 volume = {33},
 issue = {12},
 year = {2011},
 pages = {2383--2395},
}

@article{Huttenlocher1990,
 author = {Huttenlocher, Daniel P. and Ullman, Shimon},
 title = {Recognizing solid objects by alignment with an image},
 journal = {International Journal of Computer Vision},
 volume = {5},
 issue = {2},
 year = {1990},
 issn = {0920-5691},
 pages = {195--212},
}

@inproceedings{Gelfand05,
 author = {Gelfand, Natasha and Mitra, Niloy J. and Guibas, Leonidas J. and Pottmann, Helmut},
 title = {Robust global registration},
 booktitle = {Symposium on Geometry processing},
 year = {2005},
 location = {Vienna, Austria},
 articleno = {197},
 }

@ARTICLE{Comaniciu2002,
    author = {Dorin Comaniciu and Peter Meer and Senior Member},
    title = {Mean shift: A robust approach toward feature space analysis},
    journal = {IEEE Transactions on Pattern Analysis and Machine Intelligence},
    year = {2002},
    volume = {24},
    pages = {603--619}
}

@ARTICLE{Dijkstra1959,
author = {E. W. Dijkstra},
title = {A Note on Two Problems in Connexion with Graphs},
journal = {NUMERISCHE MATHEMATIK},
year = {1959},
volume = {1},
number = {1},
pages = {269--271}
}
